@article{ref:blockperm,
    author = {Al-Bahadili, H.},
    year = {2013},
    month = {09},
    pages = {11-122},
    title = {A Secure Block Permutation Image Steganography Algorithm},
    volume = {3},
    journal = {International Journal on Cryptography and Information Security},
    doi = {10.5121/ijcis.2013.3302}
}

@article{ref:uiq,
  author={ {Zhou Wang} and A. C. {Bovik}},
  journal={IEEE Signal Processing Letters},
  title={A universal image quality index},
  year={2002},
  volume={9},
  number={3},
  pages={81-84},
  doi={10.1109/97.995823}
}

@online{ref:rmse,
    title = {Root Mean Square Error},
    url   = {https://en.wikipedia.org/wiki/Root-mean-square_deviation}
}

@online{ref:python,
    title = {Python},
    url   = {https://www.python.org/}
}

@online{ref:numpy,
    title = {NumPy -- Multidimensional Numerical Library for Python},
    url   = {https://numpy.org/}
}

@online{ref:scipy,
    title = {SciPy -- Scientific Computing Library for Python},
    url   = {https://www.scipy.org/}
}

@online{ref:opencv,
    title = {OpenCV -- Open Source Computer Vision Library},
    url   = {https://opencv.org/}
}

@online{ref:gcc,
    title = {GCC, the GNU Compiler Colletction},
    url   = {https://gcc.gnu.org/}
}

@online{ref:matplotlib,
    title = {Matplotlib: Python plotting},
    url   = {https://matplotlib.org/}
}

@online{ref:seaborn,
    title = {seaborn: statistical data visualization},
    url   = {https://seaborn.pydata.org/}
}

@online{ref:latex,
    title = {LaTeX -- A document preparation system},
    url   = {https://www.latex-project.org/}
}

@online{ref:mypy,
    title = {mypy: Optional Static Typing for Python},
    url   = {http://mypy-lang.org/}
}

@online{ref:genericfilter,
    title = {scipy.ndimage.generic\_filter},
    url   = {https://docs.scipy.org/doc/scipy/reference/generated/scipy.ndimage.generic_filter.html}
}

@online{ref:sharpen,
    title = {Sharpening an Image},
    url   = {https://northstar-www.dartmouth.edu/doc/idl/html_6.2/Sharpening_an_Image.html},
    urldate = {2020-10-22}
}
